@article{Schumaker2009,
  doi = {10.1145/1462198.1462204},
  year  = {2009},
  month = {feb},
  publisher = {Association for Computing Machinery ({ACM})},
  volume = {27},
  number = {2},
  pages = {1--19},
  author = {Robert P. Schumaker and Hsinchun Chen},
  title = {Textual analysis of stock market prediction using breaking financial news},
  journal = {{ACM} Transactions on Information Systems}
}
@inproceedings{Fu2008,
  doi = {10.1109/wiiat.2008.228},
  year  = {2008},
  month = {dec},
  publisher = {Institute of Electrical {\&} Electronics Engineers ({IEEE})},
  author = {Tak-chung Fu and Ka-ki Lee and Donahue Sze and Fu-lai Chung and Chak-man Ng},
  title = {Discovering the Correlation between Stock Time Series and Financial News},
  booktitle = {2008 {IEEE}/{WIC}/{ACM} International Conference on Web Intelligence and Intelligent Agent Technology}
}
@inproceedings{Oliveira2014,
  doi = {10.1145/2628194.2628235},
  year  = {2014},
  publisher = {Association for Computing Machinery ({ACM})},
  author = {Nuno Oliveira and Paulo Cortez and Nelson Areal},
  title = {Automatic creation of stock market lexicons for sentiment analysis using {StockTwits} data},
  booktitle = {Proceedings of the 18th International Database Engineering {\&} Applications Symposium on - {IDEAS} {\textquotesingle}14}
}
@article{fama1965behavior,
  title={The behavior of stock-market prices},
  author={Fama, Eugene F},
  journal={Journal of business},
  pages={34--105},
  year={1965},
  publisher={JSTOR}
}
@techreport{gidofalvi2001,
  author = {Gid√≥falvi, G.},
  institution = {Department of Computer Science and Engineering, University of California},
  interhash = {3ee0c958a34ea4921b5156b2d519d233},
  intrahash = {6b10bfd7fa4dccf020447dffccf73a47},
  keywords = {classification finance news timeseries unread},
  location = {San Diego},
  tech = {Technical Report},
  timestamp = {2008-02-27T14:49:44.000+0100},
  title = {Using News Articles to Predict Stock Price Movements},
  year = {2001}
}
@techreport{Boudoukh2013,
  doi = {10.3386/w18725},
  year  = {2013},
  month = {jan},
  publisher = {National Bureau of Economic Research},
  author = {Jacob Boudoukh and Ronen Feldman and Shimon Kogan and Matthew Richardson},
  title = {Which News Moves Stock Prices? A Textual Analysis}
}
@misc{Aase2011,
   author = {Aase, Kim-Georg},
   institution = {Norwegian University of Science and Technology, Department of Computer and Information Science},
   pages = {82},
   publisher = {Institutt for datateknikk og informasjonsvitenskap},
   school = {Norwegian University of Science and Technology, Department of Computer and Information Science},
   title = {Text Mining of News Articles for Stock Price Predictions},
   year = {2011}
}
@book{Handbook,
  Author = {},
  Title = {The Handbook of News Analytics in Finance},
  Publisher = {Wiley},
  Year = {2011},
  ISBN = {047066679X}
}